@article{neymotin2020human,
  title={Human Neocortical Neurosolver (HNN), a new software tool for interpreting the cellular and network origin of human MEG/EEG data},
  author={Neymotin, Samuel A and Daniels, Dylan S and Caldwell, Blake and McDougal, Robert A and Carnevale, Nicholas T and Jas, Mainak and Moore, Christopher I and Hines, Michael L and H{\"a}m{\"a}l{\"a}inen, Matti and Jones, Stephanie R},
  journal={Elife},
  volume={9},
  pages={e51214},
  year={2020},
  publisher={eLife Sciences Publications Limited}
}