@article{neymotin2020human,
  title={Human Neocortical Neurosolver (HNN), a new software tool for interpreting the cellular and network origin of human MEG/EEG data},
  author={Neymotin, Samuel A and Daniels, Dylan S and Caldwell, Blake and McDougal, Robert A and Carnevale, Nicholas T and Jas, Mainak and Moore, Christopher I and Hines, Michael L and H{\"a}m{\"a}l{\"a}inen, Matti and Jones, Stephanie R},
  journal={Elife},
  volume={9},
  pages={e51214},
  year={2020},
  publisher={eLife Sciences Publications Limited}
}

@article{cranmer2020frontier,
  title={The frontier of simulation-based inference},
  author={Cranmer, Kyle and Brehmer, Johann and Louppe, Gilles},
  journal={Proceedings of the National Academy of Sciences},
  volume={117},
  number={48},
  pages={30055--30062},
  year={2020},
  publisher={National Acad Sciences}
}

@article{gonccalves2020training,
  title={Training deep neural density estimators to identify mechanistic models of neural dynamics},
  author={Gon{\c{c}}alves, Pedro J and Lueckmann, Jan-Matthis and Deistler, Michael and Nonnenmacher, Marcel and {\"O}cal, Kaan and Bassetto, Giacomo and Chintaluri, Chaitanya and Podlaski, William F and Haddad, Sara A and Vogels, Tim P and others},
  journal={Elife},
  volume={9},
  pages={e56261},
  year={2020},
  publisher={eLife Sciences Publications Limited}
}
